@article{bjr2016,
  title={\begin{CJK}{UTF8}{ipxm}本邦外国為替証拠金（{FX}）取引の最近の動向\end{CJK}},
  author={\Ja{新見朋広}},
  journal={\Ja{日銀レビュー}},
  number={2016-J-9},
  pages={1--7},
  year={2016},
  publisher={\Ja{日本銀行}},
}

@book{sutton2018rl,
  title={Reinforcement learning: An introduction},
  author={Sutton, Richard S and Barto, Andrew G},
  year={2018},
  publisher={MIT press}
}

@book{korekara,
  title={\begin{CJK}{UTF8}{ipxm}これからの強化学習\end{CJK}},
  author={\Ja{牧野貴樹} and \Ja{澁谷長史} and \Ja{白川真一} and \Ja{浅田稔} and \Ja{麻生英樹} and \Ja{荒井幸代} and \Ja{飯間等} and \Ja{伊藤真} and \Ja{大倉和博} and \Ja{黒江康明} and others},
  year={2016},
  publisher={\Ja{森北出版}}
}

@article{watkins1989,
  title={Learning from delayed rewards},
  author={Watkins, Christopher John Cornish Hellaby},
  year={1989},
  publisher={King's College, Cambridge}
}

@inproceedings{zhang2019end,
  title={An end-to-end automatic cloud database tuning system using deep reinforcement learning},
  author={Zhang, Ji and Liu, Yu and Zhou, Ke and Li, Guoliang and Xiao, Zhili and Cheng, Bin and Xing, Jiashu and Wang, Yangtao and Cheng, Tianheng and Liu, Li and others},
  booktitle={Proceedings of the 2019 International Conference on Management of Data},
  pages={415--432},
  year={2019}
}

@article{mnih2013playing,
  title={Playing atari with deep reinforcement learning},
  author={Mnih, Volodymyr and Kavukcuoglu, Koray and Silver, David and Graves, Alex and Antonoglou, Ioannis and Wierstra, Daan and Riedmiller, Martin},
  journal={arXiv preprint arXiv:1312.5602},
  year={2013}
}

@techreport{fischer2018rl,
  title={Reinforcement learning in financial markets-a survey},
  author={Fischer, Thomas G},
  year={2018},
  institution={FAU Discussion Papers in Economics}
}

@article{bahrammirzaee2010,
  title={A comparative survey of artificial intelligence applications in finance: artificial neural networks, expert system and hybrid intelligent systems},
  author={Bahrammirzaee, Arash},
  journal={Neural Computing and Applications},
  volume={19},
  number={8},
  pages={1165--1195},
  year={2010},
  publisher={Springer}
}

@misc{relu,
  title = {{tf.keras.activations.relu}},
  howpublished = {\url{https://www.tensorflow.org/api_docs/python/tf/keras/activations/relu}},
  note = {Accessed: 2021-2-20}
}

@misc{linear,
  title = {{tf.keras.activations.linear}},
  howpublished = {\url{https://www.tensorflow.org/api_docs/python/tf/keras/activations/linear}},
  note = {Accessed: 2021-2-20}
}

@misc{dense,
  title = {{tf.keras.layers.Dense}},
  howpublished = {\url{https://www.tensorflow.org/api_docs/python/tf/keras/layers/Dense}},
  note = {Accessed: 2021-2-20}
}

@misc{analysisMA,
  title = {{Moving Average Strategies for Forex Trading}},
  howpublished = {\url{https://www.investopedia.com/ask/answers/122314/how-do-i-use-moving-average-ma-create-forex-trading-strategy.asp}},
  note = {Accessed: 2021-2-20}
}

@misc{analysisMetrics,
  title = {{6 Types of Technical Analysis Every Forex Trader Should Learn}},
  howpublished = {\url{https://www.valutrades.com/en/blog/6-types-of-technical-analysis-every-forex-trader-should-learn}},
  note = {Accessed: 2021-2-20}
}

@misc{src,
  title = {{Master Thesis Resources}},
  howpublished = {\url{https://github.com/s1230038/masterThesis}},
  note = {Accessed: 2021-2-20}
}

@article{Suchaimanacharoen2020,
author = {Suchaimanacharoen, A. and Kasetkasem, T. and Marukatat, S. and Kumazawa, I. and Chavalit, P.},
doi = {10.1109/ECTI-CON49241.2020.9158227},
isbn = {9781728164861},
journal = {17th International Conference on Electrical Engineering/Electronics, Computer, Telecommunications and Information Technology, ECTI-CON 2020},
keywords = {CNN,Forex,neural network,policy gradient,reinforcement learning},
pages = {316--319},
title = {{Empowered PG in Forex Trading}},
year = {2020}
}